<?xml version="1.0" encoding="UTF-8"?><collection xmlns="http://www.loc.gov/MARC21/slim"><record><leader>00623nam--2200205-u-4500</leader><controlfield tag="001">000055093</controlfield><controlfield tag="002">20161230</controlfield><controlfield tag="005">20161230201052</controlfield><controlfield tag="008">121031s1000------------r-----000-0-rus-d</controlfield><datafield ind1=" " ind2=" " tag="040"><subfield code="a">IFIN-HH</subfield></datafield><datafield ind1=" " ind2=" " tag="041"><subfield code="a">rus</subfield></datafield><datafield ind1=" " ind2=" " tag="080"><subfield code="a">539.12.04:538.9:621.382</subfield></datafield><datafield ind1="1" ind2=" " tag="100"><subfield code="a">Meese, Jon M</subfield></datafield><datafield ind1="1" ind2="0" tag="245"><subfield code="a">Neitronnoe transmutationnoe legirovanie poluprovodnikov</subfield><subfield code="c">Jon m. meese</subfield></datafield><datafield ind1=" " ind2=" " tag="260"><subfield code="a">Moskva</subfield><subfield code="b">Mir</subfield><subfield code="c">1982</subfield></datafield><datafield ind1=" " ind2=" " tag="300"><subfield code="a">264P</subfield></datafield><datafield ind1=" " ind2=" " tag="490"><subfield code="a">Novosti Fiziki Tverdogo Tela</subfield><subfield code="v">Vipusk 11</subfield></datafield><datafield ind1=" " ind2=" " tag="500"><subfield code="a">Titlul Original In Limba Engleza: Neutron Transmutation Doping In Semiconductors</subfield></datafield><datafield ind1=" " ind2=" " tag="852"><subfield code="a">48196</subfield><subfield code="c">539.2</subfield></datafield><datafield ind1=" " ind2=" " tag="CAT"><subfield code="a">Sys</subfield><subfield code="c">20121031</subfield><subfield code="h">134451</subfield></datafield></record></collection>